@article{tls1.2,
    author =       "Michael Driscoll",
    title =        "{The Illustrated TLS Connection}",
    year =         "2018",
    url = "https://tls.ulfheim.net/" 
}

@techreport{rfc793,
  author = {Information Sciences Institute
                   University of Southern California
                           4676 Admiralty Way
                   Marina del Rey, California  90291},
  title = {TRANSMISSION CONTROL PROTOCOL},
  howpublished = {Internet Requests for Comments},
  type = {RFC},
  number = 793,
  year = {1981},
  month = {9},
  publisher = {RFC Editor},
  institution = {RFC Editor},
  url = {https://tools.ietf.org/html/rfc793}
}
                             